@inproceedings{mihai2017implementing,
  title={Implementing high performance system simulators using modern graphics rendering devices: Implementing system control algorithms on graphics hardware},
  author={Mihai, Cosmin-Constantin and Lupu, Ciprian and Secuianu, Dan and Vulpe, Andrei},
  booktitle={Engineering of Modern Electric Systems (EMES), 2017 14th International Conference on},
  pages={9--12},
  year={2017},
  organization={IEEE}
}

@inproceedings{bender2014survey,
  title={A survey on position-based simulation methods in computer graphics},
  author={Bender, Jan and M{\"u}ller, Matthias and Otaduy, Miguel A and Teschner, Matthias and Macklin, Miles},
  booktitle={Computer graphics forum},
  volume={33},
  number={6},
  pages={228--251},
  year={2014},
  organization={Wiley Online Library}
}

@article{janzen2008does,
  title={Does test-driven development really improve software design quality?},
  author={Janzen, David and Saiedian, Hossein},
  journal={Ieee Software},
  volume={25},
  number={2},
  year={2008},
  publisher={IEEE}
}

@inproceedings{kayongo2016software,
  title={Why do software developers practice test-driven development?},
  author={Kayongo, Patrick and Chigona, Wallace and Mabhena, Zwelithini},
  booktitle={Advances in Computing and Communication Engineering (ICACCE), 2016 International Conference on},
  pages={357--361},
  year={2016},
  organization={IEEE}
}

@article{amrit2017effectiveness,
  title={Effectiveness of Test Driven Development and Continuous Integration--A Case Study},
  author={Amrit, Chintan and Meijberg, Yoni},
  journal={IT professional},
  year={2017},
  publisher={IEEE}
}

@article{fucci2017dissection,
  title={A Dissection of the Test-Driven Development Process: Does It Really Matter to Test-First or to Test-Last?},
  author={Fucci, Davide and Erdogmus, Hakan and Turhan, Burak and Oivo, Markku and Juristo, Natalia},
  journal={IEEE Transactions on Software Engineering},
  volume={43},
  number={7},
  pages={597--614},
  year={2017},
  publisher={IEEE}
}

@article{serviss2005escaping,
  title={Escaping the world: high and low resolution in gaming},
  author={Serviss, Ben and Seligmann, Dore{\'e} Duncan},
  journal={IEEE MultiMedia},
  volume={12},
  number={4},
  pages={4--8},
  year={2005},
  publisher={IEEE}
}

@inproceedings{zhang2011real,
  title={Real-time optimization technology and its application in terrain rendering},
  author={Zhang, Rong-hua},
  booktitle={Image and Signal Processing (CISP), 2011 4th International Congress on},
  volume={3},
  pages={1349--1352},
  year={2011},
  organization={IEEE}
}